 @misc{geeksforgeeks_2022, title={{UDP server-client implementation in C}}, howpublished={\hyperlink{https://www.geeksforgeeks.org/udp-server-client-implementation-c/}{https://www.geeksforgeeks.org/udp-server-client-implementation-c/}}, journal={GeeksforGeeks}, year={2022}, month={May}} 

 
@Misc{trabucayre,
  author       = {Gwenhael Goavec-Merou},
  howpublished = {\hyperlink{https://github.com/trabucayre/redpitaya/blob/master/README.md}{https://github.com/trabucayre/redpitaya/blob/master/README.md}},
  title        = {{Trabucayre/Redpitaya - Readme file}},
  journal      = {GitHub},
  url          = {https://github.com/trabucayre/redpitaya/blob/master/README.md},
}

@Misc{oscimp,
  author       = {OscillatorIMP PIA project},
  howpublished = {\hyperlink{https://github.com/oscimp/oscimpDigital/wiki/2Prepare}{https://github.com/oscimp/oscimpDigital/wiki/2Prepare}},
  title        = {{OSCIMP/Oscimpdigital Wiki - 2Prepare}},
  journal      = {GitHub},
  url          = {https://github.com/oscimp/oscimpDigital/wiki/2Prepare},
}

@Misc{2022,
  howpublished = {\hyperlink{https://www.femto-st.fr/en/Research-departments/TIME-and-FREQUENCY/Presentation}{https://www.femto-st.fr/en/Research-departments/TIME-and-FREQUENCY/Presentation}},
  month        = {Jan},
  title        = {{Presentation TF}},
  year         = {2022},
  journal      = {FEMTO},
  url          = {https://www.femto-st.fr/en/Research-departments/TIME-and-FREQUENCY/Presentation},
}

@Misc{2020,
  howpublished = {\hyperlink{https://www.femto-st.fr/en/Research-departments/TIME-and-FREQUENCY/Research-groups/OHMS}{https://www.femto-st.fr/en/Research-departments/TIME-and-FREQUENCY/Research-groups/OHMS}},
  month        = {Nov},
  title        = {{OHMS}},
  year         = {2020},
  journal      = {FEMTO},
  url          = {https://www.femto-st.fr/en/Research-departments/TIME-and-FREQUENCY/Research-groups/OHMS},
}

@Misc{efts,
  howpublished = {\hyperlink{http://efts.eu/dokuwiki/doku.php}{http://efts.eu/dokuwiki/doku.php}},
  title        = {2022 {EFTS Website}},
  journal      = {2022 EFTS [European Frequency and Time Seminar]},
  url          = {http://efts.eu/dokuwiki/doku.php?id=current},
}

@Misc{2020a,
  howpublished = {\hyperlink{https://teams.femto-st.fr/equipe-ohms/yb-superradiant-laser}{https://teams.femto-st.fr/equipe-ohms/yb-superradiant-laser}},
  month        = {Mar},
  title        = {{YB Superradiant Laser}},
  year         = {2020},
  journal      = {OHMS},
  url          = {https://teams.femto-st.fr/equipe-ohms/yb-superradiant-laser},
}

@Misc{tp,
  author  = {FEMTO},
  month   = jul,
  title   = {{TP} report {EFTS} 2022}}

,
  year    = {2022},
  journal = {OHMS},
}

@Article{hasegawa,
  author              = {Hasegawa, M. and Chutani, R. and Gorecki, C. and Boudot, R. and Dziuban, P. and Giordano, V. and Clatot, S. and Mauri, L.},
  journal             = {{Sensors and Actuators A: Physical }},
  title               = {{Microfabrication of cesium vapor cells with buffer gas for MEMS atomic clocks}},
  year                = {2011},
  number              = {2},
  pages               = {594-601},
  volume              = {167},
  doi                 = {10.1016/j.sna.2011.02.039},
  hal_id              = {hal-00593464},
  hal_local_reference = {Temps-Frequence/OHMS},
  hal_version         = {v1},
  publisher           = {{Elsevier}},
  url                 = {https://hal.archives-ouvertes.fr/hal-00593464},
}

@Article{dicke,
  author    = {Dicke, R. H.},
  journal   = {Phys. Rev.},
  title     = {The Effect of Collisions upon the Doppler Width of Spectral Lines},
  year      = {1953},
  month     = {Jan},
  pages     = {472--473},
  volume    = {89},
  doi       = {10.1103/PhysRev.89.472},
  issue     = {2},
  numpages  = {0},
  publisher = {American Physical Society},
  url       = {https://link.aps.org/doi/10.1103/PhysRev.89.472},
}

@misc{804271,
  author = {William Riley and David Howe},
  title = {Handbook of Frequency Stability Analysis},
  year = {2008},
  month = {2008-07-01 00:07:00},
  publisher = {Special Publication (NIST SP), National Institute of Standards and Technology, Gaithersburg, MD},
  url = {https://tsapps.nist.gov/publication/get_pdf.cfm?pub_id=50505},
  language = {en},
}

@book{allan1997science,
  title={The Science of Timekeeping},
  author={Allan, D.W. and Ashby, N. and Hodge, C.C. and Hewlett-Packard Company},
  series={Application note},
  url={https://books.google.fr/books?id=UFqbGwAACAAJ},
  year={1997},
  publisher={Hewlett-Packard}
}

 
@Misc{pll,
  author       = {Analog Devices},
  howpublished = {\hyperlink{https://www.analog.com/media/en/training-seminars/tutorials/MT-086.pdf}{https://www.analog.com/media/en/training-seminars/tutorials/MT-086.pdf}},
  title        = {{MT-086: Fundamentals of Phase Locked Loops (PLLs)}},
  url          = {https://www.analog.com/media/en/training-seminars/tutorials/MT-086.pdf},
}

@Comment{jabref-meta: databaseType:bibtex;}
